<collection xmlns="http://www.loc.gov/MARC21/slim"><record><leader>00494nam  2200157   450</leader><controlfield tag="001">466</controlfield><controlfield tag="003">http://montalegre.opacnet.com/OPAC/default.aspx?ContentAreaControl=ShowRegHoldings.ascx&amp;RegNo=16662</controlfield><datafield tag="100" ind1=" " ind2=" "><subfield code="a">19950526d19      km y0pory0103    ba</subfield></datafield><datafield tag="101" ind1="1" ind2=" "><subfield code="a">por</subfield></datafield><datafield tag="102" ind1=" " ind2=" "><subfield code="a">PT</subfield></datafield><datafield tag="200" ind1="1" ind2=" "><subfield code="a">Nossa Senhora de Paris</subfield><subfield code="f">Victor Hugo</subfield></datafield><datafield tag="210" ind1=" " ind2=" "><subfield code="a">Porto</subfield><subfield code="c">Lello&amp;irmão</subfield><subfield code="d">[19--]</subfield></datafield><datafield tag="215" ind1=" " ind2=" "><subfield code="a">2 v</subfield><subfield code="d">8º</subfield></datafield><datafield tag="675" ind1=" " ind2=" "><subfield code="a">821.133.1-31"18"</subfield><subfield code="v">BN</subfield><subfield code="z">por</subfield><subfield code="v">BN</subfield><subfield code="z">por</subfield><subfield code="3">558810</subfield></datafield><datafield tag="700" ind1=" " ind2="1"><subfield code="a">Hugo</subfield><subfield code="b">Victor</subfield><subfield code="f">1802-1885</subfield><subfield code="3">23526</subfield></datafield><datafield tag="801" ind1=" " ind2="0"><subfield code="a">PT</subfield><subfield code="b">Biblioteca Municipal de Montalegre</subfield><subfield code="g">RPC</subfield></datafield><datafield tag="909" ind1="&#9;" ind2=" "><subfield code="a">1</subfield></datafield><datafield tag="966" ind1=" " ind2=" "><subfield code="a">0012659</subfield><subfield code="l">BMM</subfield><subfield code="s">SCG 821 HUG nos</subfield></datafield></record></collection>